@inproceedings {whisperfuzz,
author = {Pallavi Borkar and Chen Chen and Mohamadreza Rostami and Nikhilesh Singh and Rahul Kande and Ahmad-Reza Sadeghi and Chester Rebeiro and Jeyavijayan Rajendran},
title = {{WhisperFuzz}: {White-Box} Fuzzing for Detecting and Locating Timing Vulnerabilities in Processors},
booktitle = {33rd USENIX Security Symposium (USENIX Security 24)},
year = {2024},
isbn = {978-1-939133-44-1},
address = {Philadelphia, PA},
pages = {5377--5394},
url = {https://www.usenix.org/conference/usenixsecurity24/presentation/borkar},
publisher = {USENIX Association},
month = aug
}

@inproceedings {with-great,
author = {Martin Dunsche and Marcel Maehren and Nurullah Erinola and Robert Merget and Nicolai Bissantz and Juraj Somorovsky and J{\"o}rg Schwenk},
title = {With Great Power Come Great Side Channels: Statistical Timing {Side-Channel} Analyses with Bounded Type-1 Errors},
booktitle = {33rd USENIX Security Symposium (USENIX Security 24)},
year = {2024},
isbn = {978-1-939133-44-1},
address = {Philadelphia, PA},
pages = {6687--6704},
url = {https://www.usenix.org/conference/usenixsecurity24/presentation/dunsche},
publisher = {USENIX Association},
month = aug
}

@inproceedings {zenhammer,
author = {Patrick Jattke and Max Wipfli and Flavien Solt and Michele Marazzi and Matej B{\"o}lcskei and Kaveh Razavi},
title = {{ZenHammer}: Rowhammer Attacks on {AMD} Zen-based Platforms},
booktitle = {33rd USENIX Security Symposium (USENIX Security 24)},
year = {2024},
isbn = {978-1-939133-44-1},
address = {Philadelphia, PA},
pages = {1615--1633},
url = {https://www.usenix.org/conference/usenixsecurity24/presentation/jattke},
publisher = {USENIX Association},
month = aug
}

@inproceedings {speclfb,
author = {Xiaoyu Cheng and Fei Tong and Hongyu Wang and Zhe Zhou and Fang Jiang and Yuxing Mao},
title = {{SpecLFB}: Eliminating Cache Side Channels in Speculative Executions},
booktitle = {33rd USENIX Security Symposium (USENIX Security 24)},
year = {2024},
isbn = {978-1-939133-44-1},
address = {Philadelphia, PA},
pages = {631--646},
url = {https://www.usenix.org/conference/usenixsecurity24/presentation/cheng-xiaoyu},
publisher = {USENIX Association},
month = aug
}

@inproceedings {clepsydra,
author = {Jan Philipp Thoma and Christian Niesler and Dominic Funke and Gregor Leander and Pierre Mayr and Nils Pohl and Lucas Davi and Tim G{\"u}neysu},
title = {{ClepsydraCache} -- Preventing Cache Attacks with {Time-Based} Evictions},
booktitle = {32nd USENIX Security Symposium (USENIX Security 23)},
year = {2023},
isbn = {978-1-939133-37-3},
address = {Anaheim, CA},
pages = {1991--2008},
url = {https://www.usenix.org/conference/usenixsecurity23/presentation/thoma},
publisher = {USENIX Association},
month = aug
}

@inproceedings {gates-of-time,
author = {Daniel Katzman and William Kosasih and Chitchanok Chuengsatiansup and Eyal Ronen and Yuval Yarom},
title = {The Gates of Time: Improving Cache Attacks with Transient Execution},
booktitle = {32nd USENIX Security Symposium (USENIX Security 23)},
year = {2023},
isbn = {978-1-939133-37-3},
address = {Anaheim, CA},
pages = {1955--1972},
url = {https://www.usenix.org/conference/usenixsecurity23/presentation/katzman},
publisher = {USENIX Association},
month = aug
}

@INPROCEEDINGS{prefetchx,
author={Chen, Yun and Hajiabadi, Ali and Pei, Lingfeng and Carlson, Trevor E.},
booktitle={2024 IEEE International Symposium on High-Performance Computer Architecture (HPCA)}, 
title={PREFETCHX: Cross-Core Cache-Agnostic Prefetcher-based Side-Channel Attacks}, 
year={2024},
volume={},
number={},
pages={395-408},
keywords={Program processors;Error analysis;Prefetching;Side-channel attacks;Telecommunication traffic;Computer architecture;Feature extraction;Side-Channel Attacks;Prefetcher;Intel CPU;Computer Security},
doi={10.1109/HPCA57654.2024.00037}}

@inproceedings {bunnyhop,
author = {Zhiyuan Zhang and Mingtian Tao and Sioli O{\textquoteright}Connell and Chitchanok Chuengsatiansup and Daniel Genkin and Yuval Yarom},
title = {{BunnyHop}: Exploiting the Instruction Prefetcher},
booktitle = {32nd USENIX Security Symposium (USENIX Security 23)},
year = {2023},
isbn = {978-1-939133-37-3},
address = {Anaheim, CA},
pages = {7321--7337},
url = {https://www.usenix.org/conference/usenixsecurity23/presentation/zhang-zhiyuan-bunnyhop},
publisher = {USENIX Association},
month = aug
}
