@inproceedings {bhi,
author = {Enrico Barberis and Pietro Frigo and Marius Muench and Herbert Bos and Cristiano Giuffrida},
title = {Branch History Injection: On the Effectiveness of Hardware Mitigations Against {Cross-Privilege} Spectre-v2 Attacks},
booktitle = {31st USENIX Security Symposium (USENIX Security 22)},
year = {2022},
isbn = {978-1-939133-31-1},
address = {Boston, MA},
pages = {971--988},
url = {https://www.usenix.org/conference/usenixsecurity22/presentation/barberis},
publisher = {USENIX Association},
month = aug
}

@misc{tiktag,
title={TikTag: Breaking ARM's Memory Tagging Extension with Speculative Execution}, 
author={Juhee Kim and Jinbum Park and Sihyeon Roh and Jaeyoung Chung and Youngjoo Lee and Taesoo Kim and Byoungyoung Lee},
year={2024},
eprint={2406.08719},
archivePrefix={arXiv},
primaryClass={cs.CR},
url={https://arxiv.org/abs/2406.08719}, 
}

@inproceedings{pacman,
title = {PACMAN: Attacking ARM Pointer Authentication with Speculative Execution},
author = {Ravichandran, Joseph and Na, Weon Taek and Lang, Jay and Yan, Mengjia},
year = {2022},
isbn = {9781450386104},
publisher = {Association for Computing Machinery},
address = {New York, NY, USA},
url = {https://doi.org/10.1145/3470496.3527429},
doi = {10.1145/3470496.3527429},
booktitle = {Proceedings of the 49th Annual International Symposium on Computer Architecture},
location = {New York, New York},
series = {ISCA '22}
}
