@inproceedings{cross-core,
title = "Cross-Core Interrupt Detection: Exploiting User and Virtualized IPIs",
keywords = "side-channel attack, user interrupts, IPI virtualization, interrupt detection, Website fingerprinting",
author = "Fabian Rauscher and Daniel Gruss",
year = "2024",
month = oct,
day = "14",
doi = "10.1145/3658644.3690242",
language = "English",
booktitle = "ACM Conference on Computer and Communications Security (CCS) 2024",
note = "ACM Conference on Computer and Communications Security : CCS 2024, CCS {\textquoteright}24 ; Conference date: 14-10-2024 Through 18-10-2024",
}

@article{le-2021,
author = {given-i=A, given=Anh-Tien, family=Le and given-i=T, given=Trong-Thuc, family=Hoang and given-i=B, given=Ba-Anh, family=Dao and given-i=A, given=Akira, family=Tsukamoto and given-i=K, given=Kuniyasu, family=Suzaki and given-i=C, given=Cong-Kha, family=Pham},
date = {2021-01-01},
doi = {10.1109/access.2021.3134256},
journaltitle = {IEEE Access},
pages = {164597--164612},
title = {A Real-Time Cache Side-Channel attack detection system on RISC-V Out-of-Order processor},
url = {https://doi.org/10.1109/access.2021.3134256},
volume = {9},
}
