@book{descartes-1984,
	author = {Descartes, Ren√©},
	month = {1},
	publisher = {Cambridge University Press},
	title = {{The Philosophical Writings of Descartes: Volume 2}},
	year = {1984},
}
@book{spinoza-2002,
	author = {Spinoza, Baruch},
	month = {11},
	publisher = {Hackett Publishing},
	title = {{Spinoza: The Complete Works}},
	year = {2002},
}
@book{newcastle-2001,
	author = {Newcastle, Margaret Cavendish Duchess Of},
	month = {2},
	publisher = {Cambridge University Press},
	title = {{Margaret Cavendish: Observations upon Experimental Philosophy}},
	year = {2001},
}
@book{cavendish-2021,
	author = {Cavendish, Margaret},
	month = {7},
	publisher = {Hackett Publishing},
	title = {{Philosophical letters, abridged}},
	year = {2021},
}