@misc{stm-website,
	author = {STMicroElectronics},
	title = {{STM32CubeF1}},
	url = {https://www.st.com/en/embedded-software/stm32cubef1.html},
}

@misc{hal-gpio,
	title = {{stm32hal库之外部中断巨坑导致程序卡死在中断函数_hal库的callback卡死-CSDN博客}},
	url = {https://blog.csdn.net/weixin_42741023/article/details/104626910},
}
