@inproceedings{a-secure-risc,
  author={Gerlach, Lukas and Weber, Daniel and Zhang, Ruiyi and Schwarz, Michael},
  booktitle={2023 IEEE Symposium on Security and Privacy (SP)}, 
  title={A Security RISC: Microarchitectural Attacks on Hardware RISC-V CPUs}, 
  year={2023},
  volume={},
  number={},
  pages={2321-2338},
  keywords={Microarchitecture;Reduced instruction set computing;Systematics;Computer architecture;Standardization;Hardware;Software},
  doi={10.1109/SP46215.2023.10179399}}

@inproceedings {mwait,
author = {Ruiyi Zhang and Taehyun Kim and Daniel Weber and Michael Schwarz},
title = {({M)WAIT} for It: Bridging the Gap between Microarchitectural and Architectural Side Channels},
booktitle = {32nd USENIX Security Symposium (USENIX Security 23)},
year = {2023},
isbn = {978-1-939133-37-3},
address = {Anaheim, CA},
pages = {7267--7284},
url = {https://www.usenix.org/conference/usenixsecurity23/presentation/zhang-ruiyi},
publisher = {USENIX Association},
month = aug
}
