@inproceedings{teesec,
author = {Ghaniyoun, Moein and Barber, Kristin and Xiao, Yuan and Zhang, Yinqian and Teodorescu, Radu},
title = {TEESec: Pre-Silicon Vulnerability Discovery for Trusted Execution Environments},
year = {2023},
isbn = {9798400700958},
publisher = {Association for Computing Machinery},
address = {New York, NY, USA},
url = {https://doi.org/10.1145/3579371.3589070},
doi = {10.1145/3579371.3589070},
booktitle = {Proceedings of the 50th Annual International Symposium on Computer Architecture},
articleno = {35},
numpages = {15},
keywords = {security, trusted execution environments, verification},
location = {Orlando, FL, USA},
series = {ISCA '23}
}

@inproceedings{phantom,
	title = {{Phantom: Exploiting Decoder-detectable Mispredictions}},
	url = {Paper=https://comsec.ethz.ch/wp-content/files/phantom_micro23.pdf URL=https://comsec.ethz.ch/research/microarch/inception},
	booktitle = {{MICRO}},
	note = {Best Paper Award, ETH medal},
	author = {Wikner, Johannes and Trujillo, Daniël and Razavi, Kaveh},
	month = oct,
	year = {2023},
	keywords = {dir\_microarch, type\_tier1, proj\_promise}
}

@inproceedings{downfall,
  title={{Downfall}: Exploiting Speculative Data Gathering},
  author={Moghimi, Daniel},
  booktitle={32th USENIX Security Symposium (USENIX Security 2023)},
  year={2023}
}

@article{spectre,
author = {Kocher, Paul and Horn, Jann and Fogh, Anders and Genkin, Daniel and Gruss, Daniel and Haas, Werner and Hamburg, Mike and Lipp, Moritz and Mangard, Stefan and Prescher, Thomas and Schwarz, Michael and Yarom, Yuval},
title = {Spectre attacks: exploiting speculative execution},
year = {2020},
issue_date = {July 2020},
publisher = {Association for Computing Machinery},
address = {New York, NY, USA},
volume = {63},
number = {7},
issn = {0001-0782},
url = {https://doi.org/10.1145/3399742},
doi = {10.1145/3399742},
journal = {Commun. ACM},
month = jun,
pages = {93–101},
numpages = {9}
}

@inproceedings {bunnyhop,
author = {Zhiyuan Zhang and Mingtian Tao and Sioli O{\textquoteright}Connell and Chitchanok Chuengsatiansup and Daniel Genkin and Yuval Yarom},
title = {{BunnyHop}: Exploiting the Instruction Prefetcher},
booktitle = {32nd USENIX Security Symposium (USENIX Security 23)},
year = {2023},
isbn = {978-1-939133-37-3},
address = {Anaheim, CA},
pages = {7321--7337},
url = {https://www.usenix.org/conference/usenixsecurity23/presentation/zhang-zhiyuan-bunnyhop},
publisher = {USENIX Association},
month = aug
}

@inproceedings {flush_reload,
author = {Yuval Yarom and Katrina Falkner},
title = {{FLUSH+RELOAD}: A High Resolution, Low Noise, L3 Cache {Side-Channel} Attack},
booktitle = {23rd USENIX Security Symposium (USENIX Security 14)},
year = {2014},
isbn = {978-1-931971-15-7},
address = {San Diego, CA},
pages = {719--732},
url = {https://www.usenix.org/conference/usenixsecurity14/technical-sessions/presentation/yarom},
publisher = {USENIX Association},
month = aug
}

@INPROCEEDINGS{a-secure-risc,
  author={Gerlach, Lukas and Weber, Daniel and Zhang, Ruiyi and Schwarz, Michael},
  booktitle={2023 IEEE Symposium on Security and Privacy (SP)}, 
  title={A Security RISC: Microarchitectural Attacks on Hardware RISC-V CPUs}, 
  year={2023},
  volume={},
  number={},
  pages={2321-2338},
  keywords={Microarchitecture;Reduced instruction set computing;Systematics;Computer architecture;Standardization;Hardware;Software},
  doi={10.1109/SP46215.2023.10179399}
}

@inproceedings {mwait,
author = {Ruiyi Zhang and Taehyun Kim and Daniel Weber and Michael Schwarz},
title = {({M)WAIT} for It: Bridging the Gap between Microarchitectural and Architectural Side Channels},
booktitle = {32nd USENIX Security Symposium (USENIX Security 23)},
year = {2023},
isbn = {978-1-939133-37-3},
address = {Anaheim, CA},
pages = {7267--7284},
url = {https://www.usenix.org/conference/usenixsecurity23/presentation/zhang-ruiyi},
publisher = {USENIX Association},
month = aug
}

@INPROCEEDINGS{dead_uop,
  author={Ren, Xida and Moody, Logan and Taram, Mohammadkazem and Jordan, Matthew and Tullsen, Dean M. and Venkat, Ashish},
  booktitle={2021 ACM/IEEE 48th Annual International Symposium on Computer Architecture (ISCA)}, 
  title={I See Dead µops: Leaking Secrets via Intel/AMD Micro-Op Caches}, 
  year={2021},
  volume={},
  number={},
  pages={361-374},
  keywords={Program processors;Microarchitecture;Computer architecture;Timing;System-on-chip;Transient analysis},
  doi={10.1109/ISCA52012.2021.00036}}

@inproceedings {retbleed,
author = {Johannes Wikner and Kaveh Razavi},
title = {{RETBLEED}: Arbitrary Speculative Code Execution with Return Instructions},
booktitle = {31st USENIX Security Symposium (USENIX Security 22)},
year = {2022},
isbn = {978-1-939133-31-1},
address = {Boston, MA},
pages = {3825--3842},
url = {https://www.usenix.org/conference/usenixsecurity22/presentation/wikner},
publisher = {USENIX Association},
month = aug
}

@INPROCEEDINGS{safespec,
  author={Khasawneh, Khaled N. and Koruyeh, Esmaeil Mohammadian and Song, Chengyu and Evtyushkin, Dmitry and Ponomarev, Dmitry and Abu-Ghazaleh, Nael},
  booktitle={2019 56th ACM/IEEE Design Automation Conference (DAC)}, 
  title={SafeSpec: Banishing the Spectre of a Meltdown with Leakage-Free Speculation}, 
  year={2019},
  volume={},
  number={},
  pages={1-6},
  keywords={Transient analysis;Security;Complexity theory;Arrays;Standards;Microarchitecture;Organizations},
  doi={}}

@INPROCEEDINGS{spectreguard,
  author={Fustos, Jacob and Farshchi, Farzad and Yun, Heechul},
  booktitle={2019 56th ACM/IEEE Design Automation Conference (DAC)}, 
  title={SpectreGuard: An Efficient Data-centric Defense Mechanism against Spectre Attacks}, 
  year={2019},
  volume={},
  number={},
  pages={1-6},
  keywords={Hardware;Out of order;Transient analysis;Security;Delays;Spectre;Micro-architecture;Side-channel Attack},
  doi={}}

@article{specterminator,
author = {Jin, Hai and He, Zhuo and Qiang, Weizhong},
title = {SpecTerminator: Blocking Speculative Side Channels Based on Instruction Classes on RISC-V},
year = {2023},
issue_date = {March 2023},
publisher = {Association for Computing Machinery},
address = {New York, NY, USA},
volume = {20},
number = {1},
issn = {1544-3566},
url = {https://doi.org/10.1145/3566053},
doi = {10.1145/3566053},
month = feb,
articleno = {15},
numpages = {26},
keywords = {Spectre, side channel, RISC-V, taint tracking}
}

@INPROCEEDINGS{avx-timing,
  author={Choi, Hyunwoo and Kim, Suryeon and Shin, Seungwon},
  booktitle={2023 60th ACM/IEEE Design Automation Conference (DAC)}, 
  title={AVX Timing Side-Channel Attacks against Address Space Layout Randomization}, 
  year={2023},
  volume={},
  number={},
  pages={1-6},
  keywords={Cloud computing;Instruction sets;Layout;Side-channel attacks;Mice;Timing;Behavioral sciences;Side-Channel Attack;Advanced Vector Extensions;User and Kernel ASLR},
  doi={10.1109/DAC56929.2023.10247741}}

@INPROCEEDINGS{sok,
  author={Hu, Guangyuan and He, Zecheng and Lee, Ruby B.},
  booktitle={2021 International Symposium on Secure and Private Execution Environment Design (SEED)}, 
  title={SoK: Hardware Defenses Against Speculative Execution Attacks}, 
  year={2021},
  volume={},
  number={},
  pages={108-120},
  keywords={Out of order;Program processors;Codes;Computer architecture;Hardware;Software;Hardware Security;Speculative Execution Attacks},
  doi={10.1109/SEED51797.2021.00023}}

@INPROCEEDINGS{hpc,
  author={Das, Sanjeev and Werner, Jan and Antonakakis, Manos and Polychronakis, Michalis and Monrose, Fabian},
  booktitle={2019 IEEE Symposium on Security and Privacy (SP)}, 
  title={SoK: The Challenges, Pitfalls, and Perils of Using Hardware Performance Counters for Security}, 
  year={2019},
  volume={},
  number={},
  pages={20-38},
  keywords={Program processors;Monitoring;Security;Pollution measurement;Hardware;Kernel;Tools;Hardware-Performance-Counters;Malware-Detection;Exploit-Defense;Non-determinism},
  doi={10.1109/SP.2019.00021}}

@misc{xs-doc,
	title = {{XiangShan Official Document}},
	url = {https://docs.xiangshan.cc/zh-cn/latest/},
}