@inproceedings{bourgeoisat-2023,
	author = {Bourgeoisat, Dorian and Sauvage, Laurent},
	month = {6},
	title = {{A Genetic Algorithm for a Spectre Attack Agnostic to Branch Predictors}},
	year = {2023},
	url = {https://telecom-paris.hal.science/hal-04210397},
}

@INPROCEEDINGS{BUSted,
    author = {C. Rodrigues and D. Oliveira and S. Pinto},
    title = {BUSted!!! Microarchitectural Side-Channel Attacks on the MCU Bus Interconnect},
    booktitle = {2024 IEEE Symposium on Security and Privacy (SP)},
    year = {2024}
}
