@article{nitaj-2015,
	author = {Nitaj, Abderrahmane and Rachidi, Tajjeeddine},
	journal = {IACR Cryptology ePrint Archive},
	month = {1},
	pages = {399--},
	title = {{New attacks on RSA with Moduli N=p^rq .}},
	volume = {2015},
	year = {2015},
	url = {http://dblp.uni-trier.de/db/journals/iacr/iacr2015.html#NitajR15a},
}

@article{pollard-1974,
	author = {Pollard, J. M.},
	journal = {Mathematical Proceedings of the Cambridge Philosophical Society},
	month = {11},
	number = {3},
	pages = {521--528},
	title = {{Theorems on factorization and primality testing}},
	volume = {76},
	year = {1974},
	doi = {10.1017/s0305004100049252},
	url = {https://doi.org/10.1017/s0305004100049252},
}

@article{williams-1982,
	author = {Williams, H. C.},
	journal = {Mathematics of Computation},
	month = {1},
	number = {159},
	pages = {225--234},
	title = {{A $p+1$ method of factoring}},
	volume = {39},
	year = {1982},
	doi = {10.1090/s0025-5718-1982-0658227-7},
	url = {https://doi.org/10.1090/s0025-5718-1982-0658227-7},
}

@article{wiener-1990,
	author = {Wiener, Michael J.},
	journal = {IEEE Transactions on Information Theory},
	month = {5},
	number = {3},
	pages = {553--558},
	title = {{Cryptanalysis of short RSA secret exponents}},
	volume = {36},
	year = {1990},
	doi = {10.1109/18.54902},
	url = {https://doi.org/10.1109/18.54902},
}
